<ENVELOPE>
  <HEADER>
    <TALLYREQUEST>Import Data</TALLYREQUEST>
  </HEADER>
  <BODY>
    <IMPORTDATA>
      <REQUESTDESC>
        <REPORTNAME>Vouchers</REPORTNAME>
        <STATICVARIABLES>
          <SVCURRENTCOMPANY></SVCURRENTCOMPANY>
        </STATICVARIABLES>
      </REQUESTDESC>
      <REQUESTDATA>
        <TALLYMESSAGE xmlns:UDF="TallyUDF">
          <VOUCHER REMOTEID="aaeb8870-afa4-4fe9-bd6f-0f75021f37b5-3RAJ112343" VCHTYPE="Purchase" ACTION="Create">
            <VOUCHERTYPENAME>Purchase</VOUCHERTYPENAME>
            <DATE>20100412</DATE>
            <EFFECTIVEDATE>20100412</EFFECTIVEDATE>
            <REFERENCE>1</REFERENCE>
            <NARRATION>Being Goods Purchased</NARRATION>
            <GUID>aaeb8870-afa4-4fe9-bd6f-0f75021f37b5-3RAJ112343</GUID>
            <ALTERID> 112343</ALTERID>
            <ALLLEDGERENTRIES.LIST>
              <REMOVEZEROENTRIES>No</REMOVEZEROENTRIES>
              <ISDEEMEDPOSITIVE>No</ISDEEMEDPOSITIVE>
              <LEDGERNAME>Vijay Electronics</LEDGERNAME>
              <AMOUNT>10000</AMOUNT>
            </ALLLEDGERENTRIES.LIST>
            <ALLLEDGERENTRIES.LIST>
              <REMOVEZEROENTRIES>No</REMOVEZEROENTRIES>
              <ISDEEMEDPOSITIVE>Yes</ISDEEMEDPOSITIVE>
              <LEDGERNAME>Purchases Taxable @ 12.5%</LEDGERNAME>
              <AMOUNT>-10000</AMOUNT>
            </ALLLEDGERENTRIES.LIST>
          </VOUCHER>
        </TALLYMESSAGE>
        <TALLYMESSAGE xmlns:UDF="TallyUDF">
          <VOUCHER REMOTEID="aaeb8870-afa4-4fe9-bd6f-0f75021f37b5-4RAJ112343" VCHTYPE="Sales" ACTION="Create">
            <VOUCHERTYPENAME>Sales</VOUCHERTYPENAME>
            <DATE>20100502</DATE>
            <EFFECTIVEDATE>20100502</EFFECTIVEDATE>
            <REFERENCE>2</REFERENCE>
            <NARRATION>Being Goods Sold</NARRATION>
            <GUID>aaeb8870-afa4-4fe9-bd6f-0f75021f37b5-4RAJ112343</GUID>
            <ALTERID> 112343</ALTERID>
            <ALLLEDGERENTRIES.LIST>
              <REMOVEZEROENTRIES>No</REMOVEZEROENTRIES>
              <ISDEEMEDPOSITIVE>Yes</ISDEEMEDPOSITIVE>
              <LEDGERNAME>Majid Hardwares</LEDGERNAME>
              <AMOUNT>-12000</AMOUNT>
            </ALLLEDGERENTRIES.LIST>
            <ALLLEDGERENTRIES.LIST>
              <REMOVEZEROENTRIES>No</REMOVEZEROENTRIES>
              <ISDEEMEDPOSITIVE>No</ISDEEMEDPOSITIVE>
              <LEDGERNAME>Sales Taxable @ 4%</LEDGERNAME>
              <AMOUNT>12000</AMOUNT>
            </ALLLEDGERENTRIES.LIST>
          </VOUCHER>
        </TALLYMESSAGE>
        <TALLYMESSAGE xmlns:UDF="TallyUDF">
          <VOUCHER REMOTEID="aaeb8870-afa4-4fe9-bd6f-0f75021f37b5-5RAJ112343" VCHTYPE="Payment" ACTION="Create">
            <VOUCHERTYPENAME>Payment</VOUCHERTYPENAME>
            <DATE>20100603</DATE>
            <EFFECTIVEDATE>20100603</EFFECTIVEDATE>
            <REFERENCE>1</REFERENCE>
            <NARRATION>Being Payment Made</NARRATION>
            <GUID>aaeb8870-afa4-4fe9-bd6f-0f75021f37b5-5RAJ112343</GUID>
            <ALTERID> 112343</ALTERID>
            <ALLLEDGERENTRIES.LIST>
              <REMOVEZEROENTRIES>No</REMOVEZEROENTRIES>
              <ISDEEMEDPOSITIVE>Yes</ISDEEMEDPOSITIVE>
              <LEDGERNAME>Vijay Electronics</LEDGERNAME>
              <AMOUNT>-10000</AMOUNT>
            </ALLLEDGERENTRIES.LIST>
            <ALLLEDGERENTRIES.LIST>
              <REMOVEZEROENTRIES>No</REMOVEZEROENTRIES>
              <ISDEEMEDPOSITIVE>No</ISDEEMEDPOSITIVE>
              <LEDGERNAME>Indian Bank</LEDGERNAME>
              <AMOUNT>10000</AMOUNT>
            </ALLLEDGERENTRIES.LIST>
          </VOUCHER>
        </TALLYMESSAGE>
        <TALLYMESSAGE xmlns:UDF="TallyUDF">
          <VOUCHER REMOTEID="aaeb8870-afa4-4fe9-bd6f-0f75021f37b5-6RAJ112343" VCHTYPE="Receipt" ACTION="Create">
            <VOUCHERTYPENAME>Receipt</VOUCHERTYPENAME>
            <DATE>20100704</DATE>
            <EFFECTIVEDATE>20100704</EFFECTIVEDATE>
            <REFERENCE>3</REFERENCE>
            <NARRATION>Being Cash Received</NARRATION>
            <GUID>aaeb8870-afa4-4fe9-bd6f-0f75021f37b5-6RAJ112343</GUID>
            <ALTERID> 112343</ALTERID>
            <ALLLEDGERENTRIES.LIST>
              <REMOVEZEROENTRIES>No</REMOVEZEROENTRIES>
              <ISDEEMEDPOSITIVE>No</ISDEEMEDPOSITIVE>
              <LEDGERNAME>Majid Hardwares</LEDGERNAME>
              <AMOUNT>12000</AMOUNT>
            </ALLLEDGERENTRIES.LIST>
            <ALLLEDGERENTRIES.LIST>
              <REMOVEZEROENTRIES>No</REMOVEZEROENTRIES>
              <ISDEEMEDPOSITIVE>Yes</ISDEEMEDPOSITIVE>
              <LEDGERNAME>Cash</LEDGERNAME>
              <AMOUNT>-12000</AMOUNT>
            </ALLLEDGERENTRIES.LIST>
          </VOUCHER>
        </TALLYMESSAGE>
        <TALLYMESSAGE xmlns:UDF="TallyUDF">
          <VOUCHER REMOTEID="aaeb8870-afa4-4fe9-bd6f-0f75021f37b5-7RAJ112343" VCHTYPE="Contra" ACTION="Create">
            <VOUCHERTYPENAME>Contra</VOUCHERTYPENAME>
            <DATE>20100805</DATE>
            <EFFECTIVEDATE>20100805</EFFECTIVEDATE>
            <REFERENCE>4</REFERENCE>
            <NARRATION>Being Cash Deposited</NARRATION>
            <GUID>aaeb8870-afa4-4fe9-bd6f-0f75021f37b5-7RAJ112343</GUID>
            <ALTERID> 112343</ALTERID>
            <ALLLEDGERENTRIES.LIST>
              <REMOVEZEROENTRIES>No</REMOVEZEROENTRIES>
              <ISDEEMEDPOSITIVE>No</ISDEEMEDPOSITIVE>
              <LEDGERNAME>Cash</LEDGERNAME>
              <AMOUNT>2000</AMOUNT>
            </ALLLEDGERENTRIES.LIST>
            <ALLLEDGERENTRIES.LIST>
              <REMOVEZEROENTRIES>No</REMOVEZEROENTRIES>
              <ISDEEMEDPOSITIVE>Yes</ISDEEMEDPOSITIVE>
              <LEDGERNAME>Indian Bank</LEDGERNAME>
              <AMOUNT>-2000</AMOUNT>
            </ALLLEDGERENTRIES.LIST>
          </VOUCHER>
        </TALLYMESSAGE>
        <TALLYMESSAGE xmlns:UDF="TallyUDF">
          <VOUCHER REMOTEID="aaeb8870-afa4-4fe9-bd6f-0f75021f37b5-8RAJ112343" VCHTYPE="Journal" ACTION="Create">
            <VOUCHERTYPENAME>Journal</VOUCHERTYPENAME>
            <DATE>20100906</DATE>
            <EFFECTIVEDATE>20100906</EFFECTIVEDATE>
            <REFERENCE>5</REFERENCE>
            <NARRATION>Being Depreciation on Furniture</NARRATION>
            <GUID>aaeb8870-afa4-4fe9-bd6f-0f75021f37b5-8RAJ112343</GUID>
            <ALTERID> 112343</ALTERID>
            <ALLLEDGERENTRIES.LIST>
              <REMOVEZEROENTRIES>No</REMOVEZEROENTRIES>
              <ISDEEMEDPOSITIVE>Yes</ISDEEMEDPOSITIVE>
              <LEDGERNAME>Depreciation</LEDGERNAME>
              <AMOUNT>-1500</AMOUNT>
            </ALLLEDGERENTRIES.LIST>
            <ALLLEDGERENTRIES.LIST>
              <REMOVEZEROENTRIES>No</REMOVEZEROENTRIES>
              <ISDEEMEDPOSITIVE>No</ISDEEMEDPOSITIVE>
              <LEDGERNAME>Furniture</LEDGERNAME>
              <AMOUNT>1500</AMOUNT>
            </ALLLEDGERENTRIES.LIST>
          </VOUCHER>
        </TALLYMESSAGE>
      </REQUESTDATA>
    </IMPORTDATA>
  </BODY>
</ENVELOPE>